% 此文件有问题
@book{引用键,
  title = {书名},
  author    = {作者1 and 作者2}, % 姓在前，名在后
  year      = {出版年},
  publisher = {出版社},
  address   = {出版地},          % 可选
  edition   = {第几版},          % 可选
  volume    = {卷号},            % 可选
  series    = {丛书名},          % 可选
  isbn      = {ISBN号},          % 可选
  note      = {补充说明}         % 可选
}