@book{goodman,
  title = {Introduction to Fourier Optics},
  author = {Goodman, Joseph W.},
  year = {2017},
  publisher = {Roberts and Company Publishers},
  isbn = {978-0974707723},
  edition = {4th},
}
@book{shuzi1,
  title = {衍射计算机及数字全息 上册},
  author = {李俊昌},
  year = {2014},
  publisher = {科学出版社},
  edition = {1st},
}
@book{shuzi2,
  title = {衍射计算机及数字全息 下册},
  author = {李俊昌},
  year = {2014},
  publisher = {科学出版社},
  edition = {1st},
}
@book{born,
  title = {Principles of Optics},
  author = {Born, Max and Wolf, Emil},
  year = {2019},
  publisher = {Cambridge University Press},
  isbn = {978-1108479780},
  edition = {7th},
}